<record><leader>00000cas a2200000 a 4500</leader><controlfield tag="001">8026907</controlfield><controlfield tag="008">811230d19811982vauwr ne      0   a0eng d</controlfield><datafield ind1=" " ind2=" " tag="010"><subfield code="a">sn 81006319 </subfield></datafield><datafield ind1=" " ind2=" " tag="040"><subfield code="a">NSD</subfield><subfield code="b">eng</subfield><subfield code="c">NSD</subfield><subfield code="d">NVK</subfield><subfield code="d">OCL</subfield><subfield code="d">OCLCQ</subfield><subfield code="d">OCLCF</subfield><subfield code="d">OCLCO</subfield></datafield><datafield ind1="0" ind2=" " tag="022"><subfield code="a">0744-3498</subfield><subfield code="l">0744-3498</subfield><subfield code="y">0744-1061</subfield><subfield code="2">1</subfield></datafield><datafield ind1="1" ind2=" " tag="029"><subfield code="a">AU@</subfield><subfield code="b">000020622748</subfield></datafield><datafield ind1=" " ind2=" " tag="042"><subfield code="a">nsdp</subfield></datafield><datafield ind1=" " ind2=" " tag="043"><subfield code="a">n-us---</subfield><subfield code="a">n-us-va</subfield></datafield><datafield ind1="0" ind2=" " tag="210"><subfield code="a">Shipp. news</subfield></datafield><datafield ind1=" " ind2="0" tag="222"><subfield code="a">Shipping news</subfield></datafield><datafield ind1="0" ind2="0" tag="245"><subfield code="a">Shipping news.</subfield></datafield><datafield ind1="1" ind2="7" tag="246"><subfield code="a">Hampton Roads shipping news</subfield></datafield><datafield ind1=" " ind2=" " tag="250"><subfield code="a">International ed.</subfield></datafield><datafield ind1=" " ind2=" " tag="260"><subfield code="a">Norfolk, Va. :</subfield><subfield code="b">Maritime Pub. Co. of Virginia,</subfield><subfield code="c">-1982.</subfield></datafield><datafield ind1=" " ind2=" " tag="310"><subfield code="a">Weekly</subfield></datafield><datafield ind1="1" ind2=" " tag="362"><subfield code="a">Began in 1981?</subfield></datafield><datafield ind1="0" ind2=" " tag="362"><subfield code="a">-v. 2, no. 1 (Feb. 4, 1982).</subfield></datafield><datafield ind1=" " ind2=" " tag="530"><subfield code="a">Available on microfilm from Bell &amp; Howell, Micro Photo Div.</subfield></datafield><datafield ind1=" " ind2=" " tag="588"><subfield code="a">Description based on: Vol. 1, no. 28 (Aug. 13, 1981); title from caption.</subfield></datafield><datafield ind1=" " ind2="0" tag="650"><subfield code="a">Shipping</subfield><subfield code="z">United States</subfield><subfield code="v">Newspapers.</subfield></datafield><datafield ind1=" " ind2="0" tag="651"><subfield code="a">Norfolk (Va.)</subfield><subfield code="v">Newspapers.</subfield></datafield><datafield ind1=" " ind2="0" tag="651"><subfield code="a">Portsmouth (Va.)</subfield><subfield code="v">Newspapers.</subfield></datafield><datafield ind1=" " ind2="0" tag="651"><subfield code="a">Newport News (Va.)</subfield><subfield code="v">Newspapers.</subfield></datafield><datafield ind1=" " ind2="0" tag="651"><subfield code="a">Hampton (Va.)</subfield><subfield code="v">Newspapers.</subfield></datafield><datafield ind1=" " ind2="0" tag="651"><subfield code="a">Chesapeake (Va.)</subfield><subfield code="v">Newspapers.</subfield></datafield><datafield ind1=" " ind2="0" tag="651"><subfield code="a">Suffolk (Va.)</subfield><subfield code="v">Newspapers.</subfield></datafield><datafield ind1=" " ind2="7" tag="655"><subfield code="a">Newspapers.</subfield><subfield code="2">fast</subfield><subfield code="0">(OCoLC)fst01423814</subfield></datafield><datafield ind1=" " ind2="7" tag="650"><subfield code="a">Shipping.</subfield><subfield code="2">fast</subfield><subfield code="0">(OCoLC)fst01116352</subfield></datafield><datafield ind1=" " ind2="7" tag="651"><subfield code="a">United States.</subfield><subfield code="2">fast</subfield><subfield code="0">(OCoLC)fst01204155</subfield></datafield><datafield ind1=" " ind2="7" tag="651"><subfield code="a">Virginia</subfield><subfield code="z">Chesapeake.</subfield><subfield code="2">fast</subfield><subfield code="0">(OCoLC)fst01208711</subfield></datafield><datafield ind1=" " ind2="7" tag="651"><subfield code="a">Virginia</subfield><subfield code="z">Hampton.</subfield><subfield code="2">fast</subfield><subfield code="0">(OCoLC)fst01206042</subfield></datafield><datafield ind1=" " ind2="7" tag="651"><subfield code="a">Virginia</subfield><subfield code="z">Newport News.</subfield><subfield code="2">fast</subfield><subfield code="0">(OCoLC)fst01205348</subfield></datafield><datafield ind1=" " ind2="7" tag="651"><subfield code="a">Virginia</subfield><subfield code="z">Norfolk.</subfield><subfield code="2">fast</subfield><subfield code="0">(OCoLC)fst01206844</subfield></datafield><datafield ind1=" " ind2="7" tag="651"><subfield code="a">Virginia</subfield><subfield code="z">Portsmouth.</subfield><subfield code="2">fast</subfield><subfield code="0">(OCoLC)fst01213398</subfield></datafield><datafield ind1=" " ind2="7" tag="651"><subfield code="a">Virginia</subfield><subfield code="z">Suffolk.</subfield><subfield code="2">fast</subfield><subfield code="0">(OCoLC)fst01207739</subfield></datafield><datafield ind1=" " ind2=" " tag="752"><subfield code="a">United States</subfield><subfield code="b">Virginia</subfield><subfield code="d">Norfolk.</subfield></datafield><datafield ind1="0" ind2="0" tag="785"><subfield code="t">Hampton Roads shipping news</subfield><subfield code="x">0744-1061</subfield><subfield code="w">(DLC)sn 82001386</subfield></datafield></record>